@article{gabor47,
  author  = {Gabor, D},
  title   = {Acoustical Quanta and the Theory of Hearing},
  journal = {Nature},
  volume  = {159},
  year    = {1947},
  pages   = {591-594}
}

@article{robindore96,
	author = {Robindoré, B},
	title = {{Eskhaté} {Ereuna}: Extending the Limits of Musical Thought - Comments On and By {Iannis} {Xenakis}},
	journal = {Computer Music Journal},
	volume = {20},
	year = {1996},
	pages = {11-16}
}

@article{truax88,
	author = {Truax, B},
	title = {Real-Time Granular Synthesis with a Digital Signal Processor},
	journal = {Computer Music Journal},
	volume = {12},
	year = {1988},
	pages = {14-26}
}

@mastersthesis{opie03,
  author  = {Opie, T},
  school  = {Queensland University of Technology},
  title   = {Creation of a Real-Time Granular Synthesis Instrument for Live Performance},
  year    = {2003}
}

@inproceedings{roads12,
  author          = {Roads, C},
  booktitle       = {Proceedings of the international Symposium "{Xenakis}. {La} musique électroacoustique"},
  editor          = {Solomos, M},
  title           = {From Grains to Forms},
  year            = {2012}
}

@online{opie99,
	author = {Opie, T},
	title = {Sound in a nutshell: Granular Synthesis},
	year = {1999},
	url = {https://web.archive.org/web/20220207235519/http://www.granularsynthesis.com/hthesis/hthesis.html},
	urldate = {2022-05-03}
}

@online{argotlunar,
	author = {Ourednik, M},
	title = {Argotlunar},
	year = {},
	url = {https://github.com/mourednik/argotlunar},
	urldate = {2022-05-03}
}

@online{clouds,
	author = {Gillet, É},
	title = {Clouds},
	note = {Source code},
	year = {2014},
	url = {https://github.com/pichenettes/eurorack/tree/master/clouds},
	urldate = {06-05-2022}
}

@book{microsound,
  author    = {Roads, C},
  title     = {Microsound},
  year      = 2001,
  publisher = {The MIT Press}
}

@book{xenakis63,
	author = {Xenakis, I},
	title = {Musiques formelles: nouveaux principes formels de composition musicale.},
	year = {1963},
	publisher = {Editions Richard-Masse}
}